% scsi.bib -- SCSI bibliogrpahy

@book{ scsi2.standard, key="ANSI",
       title="Draft Proposed American National Standard for Information
Systems: Small Computer System Interface -- 2 (SCSI-2)",
       publisher="Irvine, California: Global Engineering Documents",
       date=1992,
       note="(X3T9.2/86-109, revision 10h, October 17, 1991)"
}

@book{ lxt.manual, key="LXT",
       title="LXT SCSI Products: Specification and OEM Technical Manual",
       publisher="San Jose, California: Maxtor Corporation",
       year="1991"
}

@Book{ norton.guide,
       author="Peter Norton",
       title="The Peter Norton Programmer's Guide to the IBM PC",
       publisher="Bellevue, Washington: Microsoft Press",
       year="1985"
}

@Book{ k.and.r,
       author="Kernighan, Brian W. and Ritchie, Dennis M.",
       title="The C Programming Language",
       edition="2nd",
       publisher="Englewood Cliffs, New Jersey: Prentice Hall",
       year="1988"
}

@Book{ the.arm,
       author="Ellis, Margaret A. and Stroustrup, Bjarne",
       title="The Annotated C++ Reference Manual",
       publisher="Reading, Massachusetts: Addison-Wesley Publishing Co.",
       year="1991"
}

@book{ i486.manual,
       author="Intel",
       title="i486 Processor Programmer's Reference Manual",
       publisher="Intel/McGraw-Hill",
       year="1990",
}

